@techreport{psutra-tr06,
  title       = { {A}n {A}synchronous, {D}ecentralised {C}ommitment {P}rotocol for {S}emantic {O}ptimistic {R}eplication},
  author      = {{S}utra, {P}ierre and {S}hapiro, {M}arc and {B}arreto, {J}o{\~a}o},
  number      = {{RR}-6069},
  institution = {{I}nstitut {N}ational de la {R}echerche en {I}nformatique et en {A}utomatique},
  year        = 2006,
  month       = dec
}

@inproceedings{psutra-bda07,
  author    = {Sutra, Pierre and Shapiro, Marc},
  title     = {Comparing Optimistic Database Replication Techniques},
  booktitle = {Proceedings of Bases de Donn{\'{e}}es Avanc{\'{e}}es (BDA)},
  month     = oct,
  year      = 2007,
  address   = {Marseille, France},
}

@inproceedings{psutra-coopis07,
  author       = {Pierre Sutra and Jo{{\~a}}o Barreto and Marc Shapiro},
  title        = {{D}ecentralised {C}ommitment for {O}ptimistic {S}emantic  {R}eplication},
  booktitle    = {Proceedings of the 15th {I}nternational {C}onference on {C}ooperative {I}nformation {S}ystems (COOPIS)},
  year         = 2007,
  month        = nov,
  address      =  {Vilamoura, Algarve, Portugal}
}

@inproceedings{psutra-collaboratecom07,
  author       = {Ignat, Claudia-Lavinia  and  Oster, G{\'e}rald  and
                  Molli, Pascal 
                  and  Cart, Mich{\`e}le  and  Ferri{\'e}, Jean  and
                  Kermarrec, Anne-Marie  and Sutra, Pierre  and
                  Shapiro, Marc  and 
                  Benmouffok, Lamia  and  Busca, Jean-Michel  and
                  Guerraoui, Rachid},
  title        = {{A} {C}omparison of {O}ptimistic {A}pproaches to {C}ollaborative {E}diting of {W}iki Pages},
  booktitle    = {Proceedings of 3rd ACM International Conference on Collaborative Computing (COLLABORATECOM)},
  year         = 2007,
  month        = nov,
  address      = {White Plains, NY, USA}
}

@techreport{psutra-tr08a,
  title       = { {F}ault-{T}olerant {P}artial {R}eplication in {L}arge-{S}cale {D}atabase {S}ystems},
  author      = {{S}utra, {P}ierre and {S}hapiro, {M}arc},
  number      = {{RR}-6440},
  year        = 2008,
  month       = jan
}

@inproceedings{psutra-europar08,
  author = 	 {Pierre Sutra and Marc Shapiro},
  title = 	 {Fault-Tolerant Partial Replication in Large-Scale
                  Database Systems},
  booktitle = 	 {Proceedings of the 14th {I}nternational {E}uro-{P}ar {C}onference (EUROPAR)},
  year = 	 2008,
  pages =        {404-413},
  address = 	 {Las Palmas de Gran Canaria, Spain},
  month = 	 aug
}

@techreport{psutra-tr08b,
  author = 	 {Benmouffok, Lamia  and  Busca, Jean-Michel  and
                  Manuel Marqu{\`e}s, Joan  and  Shapiro, Marc  and  Sutra,
                  Pierre  and  Tsoukalas, Georgios},
  title = 	 {Telex: Principled System Support for Write-Sharing in Collaborative Applications}, 
  institution =  {{I}nstitut {N}ational de la {R}echerche en {I}nformatique et en {A}utomatique},
  year = 	 2008,
  number = 	 6546,
  month = 	 may
}

@inproceedings{psutra-cfse09,
  author      =	 {Lamia Benmouffok and Jean-Michel Busca and Joan Manuel
                  Marqu{\`e}s and  Marc Shapiro and Pierre Sutra and
                  Georgios Tsoukalas},
  title       = {Telex: {A} {S}emantic {P}latform for {C}ooperative {A}pplication Development},
  booktitle   =	 {Proceedings of the Conf{\'e}rence\ Fran{\c c}aise sur les Syst{\`e}mes d'Exploitation (CFSE)},
  year        =	 2009,
  month       =	 sep,
  address     =	 {Toulouse, France}
}

@inproceedings{psutra-srds09,
  title     = {Genuine versus Non-Genuine Atomic Multicast Protocols for Wide Area Networks: An Empirical Study},
  author    = {Schiper, Nicolas and Sutra, Pierre and Pedone, Fernando},
  booktitle = {Proceedings of the 28th IEEE International Symposium on Reliable Distributed Systems (SRDS)},
  year      = 2009,
  month     = sep,
  pages     = {166-175}
}


@inproceedings{psutra-srds10,
  author    = {Nicolas Schiper and
               Pierre Sutra and
               Fernando Pedone},
  title     = {P-Store: Genuine Partial Replication in Wide Area Networks},
  booktitle = {Proceedings of the 29th IEEE International Symposium on Reliable Distributed Systems (SRDS)},
  year      = {2010},
  pages     = {214-224},
  month     = sep,
  address   = {Delhi, India}
}

@techreport{psutra-tr10b,
    title       = { {F}ast {G}enuine {G}eneralized {C}onsensus},
    author      = {{S}utra, {P}ierre and {S}hapiro, {M}arc},
    institution = {{I}nstitut {N}ational de la {R}echerche en {I}nformatique et en {A}utomatique},
    year        = 2010,
    month       = jun,
}

@PhDThesis{psutra-thesis,
  author     = {Sutra, Pierre},
  title      = {{E}fficient {P}rotocols for {G}eneralized {C}onsensus and {P}artial {R}eplication},
  school     = {{U}niversité {P}ierre et {M}arie {C}urie},
  pages      = 176,
  year       = 2010,
  month      = nov
}

@inproceedings{psutra-sac11,
  author    = {Jonathan Michaux and Xavier Blanc and Marc Shapiro and Pierre Sutra},
  title     = {A {S}emantically {R}ich {A}pproach for {C}ollaborative {M}odel {E}dition},
  booktitle = {Proceedings of the 26th ACM Symposium on Applied Computing (SAC)},
  address   = {Taichung, Taiwan},
  pages     = {1470-1475},
  month     = mar,
  year      = 2011
}

@techreport{psutra-tr11b,
  title       = {{N}on-{M}onotonic {S}napshot {I}solation},
  author      = {Saeida Ardekani, Masoud and Sutra, Pierre and Pregui{\c c}a, Nuno and Shapiro, Marc},
  pages       = {34},
  institution = {{I}nstitut {N}ational de la {R}echerche en {I}nformatique et en {A}utomatique},
  number      = {RR-7805},
  year        = {2011},
  month       = nov
}

@inproceedings{psutra-wttm11,
  author     = {Saeida Ardekani, Masoud and  Pierre Sutra and Marc Shapiro},
  title      = {{T}he {I}mpossibility of {E}nsuring {S}napshot {I}solation in {G}enuine {R}eplicated {STMs}},
  booktitle  = {{W}orkshop on the {T}heory of {T}ransactional {M}emory (WTTM)},
  address    = {Roma, Italy},
  year       = {2011},
  month      = sep
}

@inproceedings{psutra-srds11,
  author     = {Pierre Sutra and Marc Shapiro},
  title      = {{F}ast {G}enuine {G}eneralized {C}onsensus},
  booktitle  = {Proceedings of the 30th IEEE International Symposium on Reliable Distributed Systems (SRDS)},
  pages      = {255-264},
  address    = {Madrid, Spain},
  year       = {2011},
  month      = oct
}

@unpublished{psutra-tr11a,
  title     = {{Anonymous Agreement: The Janus Algorithm}},
  author    = {Bouzid, Zohir and Sutra, Pierre and Travers, Corentin},
  year      = {2011},
  month     = jun
}

@inproceedings{psutra-opodis11,
  author    = {Zohir Bouzid and Pierre Sutra and Corentin Travers},
  title     = {Anonymous Agreement: The Janus Algorithm},
  booktitle = {Proceedings of the 15th International Conference on Principles of Distributed Systems (OPODIS)},
  year      = {2011},
  month     = dec,
  pages     = {175-190},
  address   = {Toulouse, France},
}

@InProceedings{psutra-hotcdp12,
  author = 	 {Saeida Ardekani, Masoud and Marek Zawirski and  Pierre Sutra and Marc Shapiro},
  title = 	 {The Space Complexity of Transactional Interactive Reads},
  booktitle = 	 {International Workshop on Hot Topics in Cloud Data Processing (HotCDP)},
  year = 	 {2012},
  address = 	 {Bern, Switzerland},
  month = 	 apr
}

@article{FelberFMR10,
  author    = {Pascal Felber and
               Christof Fetzer and
               Patrick Marlier and
               Torvald Riegel},
  title     = {Time-Based Software Transactional Memory},
  journal   = {IEEE Trans. Parallel Distrib. Syst.},
  volume    = {21},
  number    = {12},
  year      = {2010},
  pages     = {1793-1807},
  doi       = "10.1109/TPDS.2010.49",
  bibsource = {DBLP, http://dblp.uni-trier.de}
}



@inproceedings{AttiyaHM09,
  author    = {Hagit Attiya and
               Eshcar Hillel and
               Alessia Milani},
  title     = {Inherent limitations on disjoint-access parallel implementations
               of transactional memory},
  booktitle = {SPAA},
  year      = {2009},
  pages     = {69-78},
  crossref  = {DBLP:conf/spaa/2009},
  bibsource = {DBLP, http://dblp.uni-trier.de}
}

@proceedings{DBLP:conf/spaa/2009,
  editor    = {Friedhelm {Meyer auf der Heide} and
               Michael A. Bender},
  title     = {SPAA 2009: Proceedings of the 21st Annual ACM Symposium
               on Parallelism in Algorithms and Architectures, Calgary,
               Alberta, Canada, August 11-13, 2009},
  booktitle = {SPAA},
  publisher = {ACM},
  year      = {2009},
  bibsource = {DBLP, http://dblp.uni-trier.de}
}


@article{STM,
year={1997},
journal={Distributed Computing},
volume={10},
number={2},
title={Software transactional memory},
upublisher={Springer-Verlag},
author={Shavit, Nir and Touitou, Dan},
pages={99-116}
}

@inproceedings{Siek:2013,
 author = {Siek, Konrad and Wojciechowski, Pawe\l T.},
 title = {Brief Announcement: Towards a Fully-articulated Pessimistic Distributed Transactional Memory},
 booktitle = {Proceedings of the 25th ACM Symposium on Parallelism in Algorithms and Architectures},
 series = {SPAA '13},
 year = {2013},
 location = {Montr\&\#233;al, Qu\&\#233;bec, Canada},
 pages = {111--114},
 numpages = {4},
 acmid = {2486166},
 publisher = {ACM},
 address = {New York, NY, USA},
 keywords = {concurrency control, software transactional memory}
} 

@inproceedings{Guerraoui:2008,
 author = {Guerraoui, Rachid and Kapalka, Michal},
 title = {On the Correctness of Transactional Memory},
 booktitle = {Proceedings of the 13th ACM SIGPLAN Symposium on Principles and Practice of Parallel Programming},
 series = {PPoPP '08},
 year = {2008},
 location = {Salt Lake City, UT, USA},
 pages = {175--184},
 numpages = {10},
 acmid = {1345233},
 publisher = {ACM},
 address = {New York, NY, USA},
 keywords = {correctness, lower bound, model, transactional memory},
} 


@article{Cachopo:2006,
 author = {Cachopo, Jo\~{a}o and Rito-Silva, Ant\'{o}nio},
 title = {Versioned Boxes As the Basis for Memory Transactions},
 journal = {Sci. Comput. Program.},
 issue_date = {1 December 2006},
 volume = {63},
 number = {2},
 month = dec,
 year = {2006},
 pages = {172--185},
 numpages = {14},
 acmid = {1228566},
 publisher = {Elsevier North-Holland, Inc.},
 address = {Amsterdam, The Netherlands, The Netherlands}
}

@article{aggro,
author = {Roberto Palmieri and Francesco Quaglia and Paolo Romano},
title = {AGGRO: Boosting STM Replication via Aggressively Optimistic Transaction Processing},
journal ={2013 IEEE 12th International Symposium on Network Computing and Applications},
volume = {0},
year = {2010},
pages = {20-27},
publisher = {IEEE Computer Society},
address = {Los Alamitos, CA, USA},
}

@article{Archibald:1986,
 author = {Archibald, James and Baer, Jean-Loup},
 title = {Cache Coherence Protocols: Evaluation Using a Multiprocessor Simulation Model},
 journal = {ACM Trans. Comput. Syst.},
 issue_date = {Nov. 1986},
 volume = {4},
 number = {4},
 month = sep,
 year = {1986},
 pages = {273--298},
 numpages = {26},
 acmid = {6514},
 publisher = {ACM},
 address = {New York, NY, USA},
} 

@inproceedings{felber2008tinystm,
	Address = {New York, NY, USA},
	Author = {Pascal Felber and Christof Fetzer and Torvald Riegel},
	Booktitle = {PPoPP '08: Proceedings of the 13th ACM SIGPLAN Symposium on Principles and Practice of Parallel Programming},
	Location = {Salt Lake City, UT, USA},
	Pages = {237--246},
	Publisher = {ACM},
	Title = {Dynamic Performance Tuning of Word-Based Software Transactional Memory},
	Year = {2008}}

@inproceedings{Herlihy:2003,
 author = {Herlihy, Maurice and Luchangco, Victor and Moir, Mark and Scherer,III, William N.},
 title = {Software Transactional Memory for Dynamic-sized Data Structures},
 booktitle = {Proceedings of the Twenty-second Annual Symposium on Principles of Distributed Computing},
 series = {PODC '03},
 year = {2003},
 location = {Boston, Massachusetts},
 pages = {92--101},
 numpages = {10},
 acmid = {872048},
 publisher = {ACM},
 address = {New York, NY, USA},
} 

@inproceedings{Avni:2008,
 author = {Avni, Hillel and Shavit, Nir},
 title = {Maintaining Consistent Transactional States Without a Global Clock},
 booktitle = {Proceedings of the 15th International Colloquium on Structural Information and Communication Complexity},
 series = {SIROCCO '08},
 year = {2008},
 location = {Villars-sur-Ollon, Switzerland},
 pages = {131--140},
 numpages = {10},
 acmid = {1424644},
 publisher = {Springer-Verlag},
 doi = "10.1007/978-3-540-69355-0\_12",
 address = {Berlin, Heidelberg},
} 

@inproceedings{6121290,
author={Kinson Chan and Cho-Li Wang},
booktitle={Parallel and Distributed Systems (ICPADS), 2011 IEEE 17th International Conference on},
title={{TrC-MC: Decentralized Software Transactional Memory for Multi-multicore Computers}},
year={2011},
doi = "10.1109/ICPADS.2011.144",
pages={292-299}
}

@inproceedings{Atoofian:2012,
 author = {Atoofian, Ehsan and Bavarsad, Amir Ghanbari},
 title = {AGC: Adaptive Global Clock in Software Transactional Memory},
 booktitle = {Proceedings of the 2012 International Workshop on Programming Models and Applications for Multicores and Manycores},
 series = {PMAM '12},
 year = {2012},
 location = {New Orleans, Louisiana},
 pages = {11--16},
 numpages = {6},
 acmid = {2141704},
 publisher = {ACM},
 address = {New York, NY, USA},
 keywords = {global clock, runtime optimization, transactional memory, validation},
} 